
@Online{Mac_Tips_and_How_To_On_a_Mac_How_to_Install_Aircrack_on_Mac_2015-04-06, title = {How to Install Aircrack on Mac -- easymactips}, author = {}, organization = {}, file = {:./references/Mac Tips and How To On a Mac: How to Install Aircrack on Mac.html:html}, url = {http://easymactips.blogspot.ch/2010/10/how-to-install-aircrack-on-mac.html}, urldate = {2015-04-06} }

@Online{Mac_Tips_and_How_To_On_a_Mac_The_Kraken_has_been_released_2015-04-06, title = {The Kraken has been released!  -- easymactips}, author = {}, organization = {}, file = {:./references/Mac Tips and How To On a Mac: The Kraken has been released!.html:html}, url = {http://easymactips.blogspot.ch/2011/07/kraken-has-been-released.html}, urldate = {2015-04-06} }

@Online{Enabling_Wi-Fi_Monitor_Mode_in_Mac_OS_X_Yosemite__Andrea_Gottardo_2015-04-06, title = {Enabling Wi-Fi Monitor Mode in Mac OS X Yosemite — Andrea Gottardo}, author = {}, organization = {}, file = {:./references/Enabling Wi-Fi Monitor Mode in Mac OS X Yosemite — Andrea Gottardo.html:html}, url = {https://andreagottardo.it/enabling-wi-fi-monitor-mode-in-mac-os-x-yosemite/}, urldate = {2015-04-06} }


@BOOK{WrightCache201503, 
	title={Hacking Exposed Wireless, Third Edition: Wireless Security Secrets \& Solutions},
	author={Joshua Wright and Johnny Cache},
	publisher={McGraw-Hill Osborne Media},
	year={2015},
	month={3},
	edition={3},
	isbn={9780071827638},
	url={http://amazon.com/o/ASIN/0071827633/},
	price={$60.00},
	totalpages={560},
	timestamp={2015.04.06},
}